@misc{misc:cisco,
author = {Cisco Systems Inc.},
title = {Cisco Visual Networking Index: Forecast and Methodology, 2014 - 2019},
howpublished = {\url{http://www.cisco.com/c/en/us/solutions/collateral/service-provider/ip-ngn-ip-next-generation-network/white_paper_c11-481360.pdf}},
year = {2015},
month = {May},
note = {Available online; visited on January 12th 2016},
}

@misc{misc:scalibility_at_youtube,
author = {Mike Solomon},
title = {Scalability at YouTube},
howpublished = {\url{https://www.youtube.com/watch?v=G-lGCC4KKok}},
year = {2012},
note = {Available online; visited on January 12th 2016},
}

@misc{misc:youtube_press,
author = {YouTube LLC},
title = {YouTube Statistics},
howpublished = {\url{https://www.youtube.com/yt/press/en/statistics.html}},
note = {Available online; visited on January 12th 2016},
}

@misc{misc:youtube_html5,
author = {YouTube LLC},
title = {YouTube YouTube HTML5 Video Player},
howpublished = {\url{https://www.youtube.com/html5?hl=en}},
note = {Available online; visited on January 12th 2016},
}

@inproceedings{inpr:server_selection,
 author = {Torres, Ruben and Finamore, Alessandro and Kim, Jin Ryong and Mellia, Marco and Munafo, Maurizio M. and Rao, Sanjay},
 title = {Dissecting Video Server Selection Strategies in the YouTube CDN},
 booktitle = {Proceedings of the 2011 31st International Conference on Distributed Computing Systems},
 series = {ICDCS '11},
 year = {2011},
 isbn = {978-0-7695-4364-2},
 pages = {248--257},
 numpages = {10},
 url = {http://dx.doi.org/10.1109/ICDCS.2011.43},
 doi = {10.1109/ICDCS.2011.43},
 acmid = {2014851},
 publisher = {IEEE Computer Society},
 address = {Washington, DC, USA},
 keywords = {Content distribution networks, Web, internet services},
}